<record><leader>00000cas a22000007a 4500</leader><controlfield tag="001">11098142</controlfield><controlfield tag="008">840828d1918198unyuwr ne      0    0ger d</controlfield><datafield ind1=" " ind2=" " tag="010"><subfield code="a">sn 84024576 </subfield></datafield><datafield ind1=" " ind2=" " tag="040"><subfield code="a">NPV</subfield><subfield code="b">eng</subfield><subfield code="c">NPV</subfield><subfield code="d">NPH</subfield><subfield code="d">NSD</subfield><subfield code="d">OCLCQ</subfield></datafield><datafield ind1="0" ind2=" " tag="041"><subfield code="a">ger</subfield><subfield code="a">eng</subfield></datafield><datafield ind1=" " ind2=" " tag="042"><subfield code="a">msc</subfield></datafield><datafield ind1="0" ind2="0" tag="245"><subfield code="a">Philadelphia Gazette-Democrat.</subfield></datafield><datafield ind1="3" ind2="0" tag="246"><subfield code="a">Philadelphia Gazette-Democrat und New Yorker Staats-Zeitung und Herold</subfield></datafield><datafield ind1=" " ind2=" " tag="260"><subfield code="a">Philadelphia [Pa.] :</subfield><subfield code="b">Philadelphia Gazette Pub. Co.</subfield></datafield><datafield ind1=" " ind2=" " tag="300"><subfield code="a">volumes</subfield></datafield><datafield ind1=" " ind2=" " tag="310"><subfield code="a">Weekly,</subfield><subfield code="b">Mar. 15, 1953-</subfield></datafield><datafield ind1=" " ind2=" " tag="321"><subfield code="a">Frequency varies,</subfield><subfield code="b">&lt;May 6, 1922&gt;-Mar. 8, 1953</subfield></datafield><datafield ind1=" " ind2=" " tag="336"><subfield code="a">text</subfield><subfield code="b">txt</subfield><subfield code="2">rdacontent</subfield></datafield><datafield ind1=" " ind2=" " tag="337"><subfield code="a">unmediated</subfield><subfield code="b">n</subfield><subfield code="2">rdamedia</subfield></datafield><datafield ind1=" " ind2=" " tag="338"><subfield code="a">volume</subfield><subfield code="b">nc</subfield><subfield code="2">rdacarrier</subfield></datafield><datafield ind1="1" ind2=" " tag="362"><subfield code="a">Began with May 9, 1918 issue.</subfield><subfield code="z">Cf. Arndt, K.J.R. and M.E. Olson. The German language press of the Americas.</subfield></datafield><datafield ind1=" " ind2=" " tag="500"><subfield code="a">Has title: Philadelphia Gazette-Democrat und New Yorker Staats-Zeitung und Herold, 10. Mai, 1958-2. Mai, 1959.</subfield></datafield><datafield ind1=" " ind2=" " tag="500"><subfield code="a">Published by: Staats-Herold Corp., 5. Apr., 1958-&lt;&gt;.</subfield></datafield><datafield ind1=" " ind2=" " tag="500"><subfield code="a">Published in Woodside, N.Y. 5. Apr., 1958-5./6. Jan., 1974; in Long Island City, N.Y. 12./13. Jan., 1974-&lt;&gt;.</subfield></datafield><datafield ind1=" " ind2=" " tag="546"><subfield code="a">In German and English.</subfield></datafield><datafield ind1=" " ind2=" " tag="588"><subfield code="a">Description based on: 44. Jahrg., no. 102 (6. Mai, 1922).</subfield></datafield><datafield ind1=" " ind2=" " tag="752"><subfield code="a">United States</subfield><subfield code="b">Pennsylvania</subfield><subfield code="c">Philadelphia</subfield><subfield code="d">Philadelphia.</subfield></datafield><datafield ind1=" " ind2=" " tag="752"><subfield code="a">United States</subfield><subfield code="b">New York</subfield><subfield code="c">Queens</subfield><subfield code="d">Woodside.</subfield></datafield><datafield ind1=" " ind2=" " tag="752"><subfield code="a">United States</subfield><subfield code="b">New York</subfield><subfield code="c">Queens</subfield><subfield code="d">Long Island City.</subfield></datafield><datafield ind1="0" ind2="4" tag="780"><subfield code="t">Philadelphia Morgen-Gazette</subfield><subfield code="w">(OCoLC)16310403</subfield></datafield><datafield ind1="0" ind2="4" tag="780"><subfield code="t">Philadelphia Demokrat</subfield><subfield code="w">(DLC)sn 87052114</subfield></datafield><datafield ind1="0" ind2="5" tag="780"><subfield code="t">Philadelphia Tageblatt</subfield><subfield code="w">(DLC)sn 87080089</subfield></datafield><datafield ind1="0" ind2="4" tag="785"><subfield code="t">New Yorker Staats-Zeitung und Herold</subfield><subfield code="x">1050-4591</subfield><subfield code="w">(DLC)sn 83045726</subfield></datafield></record>